<record><leader>00000cas a2200000 a 4500</leader><controlfield tag="001">9958181</controlfield><controlfield tag="008">830928d19111969nyudn ne      0    0eng c</controlfield><datafield ind1=" " ind2=" " tag="010"><subfield code="a">sn 83031683 </subfield></datafield><datafield ind1=" " ind2=" " tag="040"><subfield code="a">NPU</subfield><subfield code="b">eng</subfield><subfield code="c">NPU</subfield><subfield code="d">NYS</subfield><subfield code="d">NPX</subfield><subfield code="d">DLC</subfield><subfield code="d">NYS</subfield><subfield code="d">DLC</subfield><subfield code="d">OCLCQ</subfield><subfield code="d">OCLCF</subfield><subfield code="d">OCLCO</subfield></datafield><datafield ind1="1" ind2=" " tag="029"><subfield code="a">AU@</subfield><subfield code="b">000020375095</subfield></datafield><datafield ind1=" " ind2=" " tag="042"><subfield code="a">pcc</subfield></datafield><datafield ind1=" " ind2=" " tag="043"><subfield code="a">n-us-ny</subfield></datafield><datafield ind1="0" ind2="0" tag="050"><subfield code="a">Newspaper 8829-X</subfield></datafield><datafield ind1="0" ind2="0" tag="245"><subfield code="a">Schenectady union-star.</subfield></datafield><datafield ind1="3" ind2="0" tag="246"><subfield code="a">Union star</subfield></datafield><datafield ind1=" " ind2=" " tag="260"><subfield code="a">Schenectady, N.Y. :</subfield><subfield code="b">Schenectady Union Pub.</subfield></datafield><datafield ind1=" " ind2=" " tag="300"><subfield code="a">v. :</subfield><subfield code="b">ill. ;</subfield><subfield code="c">58 cm.</subfield></datafield><datafield ind1=" " ind2=" " tag="310"><subfield code="a">Daily (except Sunday)</subfield></datafield><datafield ind1="0" ind2=" " tag="362"><subfield code="a">Vol. 46, no. 238 (Aug. 7, 1911)-</subfield></datafield><datafield ind1="1" ind2=" " tag="362"><subfield code="a">Ceased Apr. 26, 1969.</subfield></datafield><datafield ind1=" " ind2=" " tag="500"><subfield code="a">Special 100th anniversary ed. published: Apr. 22, 1955.</subfield></datafield><datafield ind1=" " ind2="0" tag="651"><subfield code="a">Schenectady (N.Y.)</subfield><subfield code="v">Newspapers.</subfield></datafield><datafield ind1=" " ind2="7" tag="655"><subfield code="a">Newspapers.</subfield><subfield code="2">fast</subfield><subfield code="0">(OCoLC)fst01423814</subfield></datafield><datafield ind1=" " ind2="7" tag="651"><subfield code="a">New York (State)</subfield><subfield code="z">Schenectady.</subfield><subfield code="2">fast</subfield><subfield code="0">(OCoLC)fst01202844</subfield></datafield><datafield ind1=" " ind2=" " tag="752"><subfield code="a">United States</subfield><subfield code="b">New York</subfield><subfield code="c">Schenectady</subfield><subfield code="d">Schenectady.</subfield></datafield><datafield ind1="0" ind2="4" tag="780"><subfield code="t">Schenectady daily union (Schenectady, N.Y. : 1894)</subfield><subfield code="w">(DLC)sn 88074758</subfield><subfield code="w">(OCoLC)18451158</subfield></datafield><datafield ind1="0" ind2="4" tag="780"><subfield code="t">Evening star (Schenectady, N.Y. : 1886)</subfield><subfield code="w">(DLC)sn 85054134</subfield></datafield><datafield ind1="0" ind2="7" tag="785"><subfield code="t">Knickerbocker news (Albany, N.Y.)</subfield><subfield code="w">(DLC)sn 84031297</subfield></datafield><datafield ind1="0" ind2="7" tag="785"><subfield code="t">Knickerbocker news, union-star (Albany, N.Y.)</subfield><subfield code="w">(DLC)sn 84031298</subfield></datafield></record>